%% This BibTeX bibliography file was created using BibDesk.
%% http://bibdesk.sourceforge.net/


%% Created for Matthew Heaton at 2009-12-29 13:22:40 -0500 


%% Saved with string encoding Unicode (UTF-8)

@preamble{ " \newcommand{\noop}[1]{} " } % a do-nothing command that serves a purpose

@article{gelman2013package,
  title={Package ‘arm’: Data analysis using regression and multilevel/hierarchical models},
  author={Gelman, A and Su, YS and Yajima, M and Su, MYS and Matrix, I},
  journal={R package version},
  pages={1--6},
  year={2013}
}

  @Article{randomFotrest2002,
    title = {Classification and Regression by randomForest},
    author = {Andy Liaw and Matthew Wiener},
    journal = {R News},
    year = {2002},
    volume = {2},
    number = {3},
    pages = {18-22},
    url = {https://CRAN.R-project.org/doc/Rnews/},
  }
  
@article{beeton1972eutrophication,
  title={The eutrophication problem},
  author={Beeton, AM and Edmondson, WT},
  journal={Journal of the Fisheries Board of Canada},
  volume={29},
  number={6},
  pages={673--682},
  year={1972},
  publisher={NRC Research Press}
}

@article{breiman2001random,
  title={Random forests},
  author={Breiman, Leo},
  journal={Machine learning},
  volume={45},
  number={1},
  pages={5--32},
  year={2001},
  publisher={Springer}
}
@article{brezonik1984trophic,
  title={Trophic state indices: rationale for multivariate approaches},
  author={Brezonik, Patrick L},
  journal={Lake and Reservoir Management},
  volume={1},
  number={1},
  pages={441--445},
  year={1984},
  publisher={Taylor \& Francis}
}
@article{carlson1977trophic,
  title={A trophic state index for lakes},
  author={Carlson, Robert E},
  journal={Limnology and oceanography},
  volume={22},
  number={2},
  pages={361--369},
  year={1977},
  publisher={Wiley Online Library}
}

@article{carlson1996trophic,
  title={Trophic state},
  author={Carlson, Robert E and Simpson, J},
  journal={A Coordinator’s Guide to Volunteer Lake Monitoring Methods},
  year={1996}
}

@article{carlson1996coordinator,
  title={A coordinator’s guide to volunteer lake monitoring methods},
  author={Carlson, Robert E and Simpson, J},
  journal={North American Lake Management Society},
  volume={96},
  pages={305},
  year={1996}
}
@article{carlson2005simple,
  title={Simple graphical methods for the interpretation of relationships between trophic state variables},
  author={Carlson, Robert E and Havens, Karl E},
  journal={Lake and Reservoir Management},
  volume={21},
  number={1},
  pages={107--118},
  year={2005},
  publisher={Taylor \& Francis}
}
@article{conley2009controlling,
  title={Controlling eutrophication: nitrogen and phosphorus},
  author={Conley, Daniel J and Paerl, Hans W and Howarth, Robert W and Boesch, Donald F and Seitzinger, Sybil P and Havens, Karl E and Lancelot, Christiane and Likens, Gene E and others},
  journal={Science},
  volume={323},
  number={5917},
  pages={1014--1015},
  year={2009}
}
@book{gelman2006data,
  title={Data analysis using regression and multilevel/hierarchical models},
  author={Gelman, Andrew and Hill, Jennifer},
  year={2006},
  publisher={Cambridge University Press}
}

@BOOK{gelman2007data,
  title = {Data Analysis Using Regression and Multilevel/Hierarchical Models},
  publisher = {Cambridge University Press, New York},
  year = {2007},
  author = {Gelman, A. and Hill, J.},
 }
 @article{gelman2008scaling,
  title={Scaling Regression Inputs by Dividing by Two Standard Deviations},
  author={Gelman, Andrew},
  journal={Statistics in Medicine},
  volume={27},
  number={15},
  pages={2865--2873},
  year={2008},
  publisher={Wiley Online Library}
}
@misc{gelman2009arm,
  title={Arm: data analysis using regression and multilevel? hierarchical models. R package, version 9.01},
  author={Gelman, Andrew and Su, Yu-Sung and Yajima, Masanao and Hill, Jennifer and Pittau, M Grazia and Kerman, Jouni and Zheng, Tian and Dorie, V},
  year={2009}
}
@book{gelman2014bayesian,
  title={Bayesian data analysis},
  author={Gelman, Andrew and Carlin, John B and Stern, Hal S and Dunson, David B and Vehtari, Aki and Rubin, Donald B},
  volume={2},
  year={2014},
  publisher={CRC press Boca Raton, FL}
}
@article{hollister2010using,
  title={Using GIS to estimate lake volume from limited data},
  author={Hollister, Jeffrey and Milstead, W Bryan},
  journal={Lake and Reservoir Management},
  volume={26},
  number={3},
  pages={194--199},
  year={2010},
  publisher={Taylor \& Francis}
}

@article{hollister2011predicting,
  title={Predicting maximum lake depth from surrounding topography},
  author={Hollister, Jeffrey W and Milstead, W Bryan and Urrutia, M Andrea},
  journal={PLoS One},
  volume={6},
  number={9},
  pages={e25764},
  year={2011},
  publisher={Public Library of Science}
}
@misc{hollister2014lakemorpho,
  title={Lakemorpho: Lake morphometry in R. R package version 1.0},
  author={Hollister, JW},
  year={2014}
}
@article{hollister2016associations,
  title={Associations between chlorophyll a and various microcystin health advisory concentrations},
  author={Hollister, Jeffrey W and Kreakie, Betty J},
  journal={F1000Research},
  volume={5},
  year={2016},
  publisher={Faculty of 1000 Ltd}
}
@article{hollister2016modeling,
  title={Modeling lake trophic state: a random forest approach},
  author={Hollister, Jeffrey W and Milstead, W Bryan and Kreakie, Betty J},
  journal={Ecosphere},
  volume={7},
  number={3},
  year={2016},
  publisher={Wiley Online Library}
}
@article{hollister2017lakemorpho,
  title={lakemorpho: Calculating lake morphometry metrics in R},
  author={Hollister, Jeffrey and Stachelek, Joseph},
  journal={F1000Research},
  volume={6},
  year={2017},
  publisher={Faculty of 1000 Ltd}
}
@article{homer2004development,
  title={Development of a 2001 national land-cover database for the United States},
  author={Homer, Collin and Huang, Chengquan and Yang, Limin and Wylie, Bruce and Coan, Michael},
  journal={Photogrammetric Engineering \& Remote Sensing},
  volume={70},
  number={7},
  pages={829--840},
  year={2004},
  publisher={American Society for Photogrammetry and Remote Sensing}
}
@book{lakewatch2001beginner,
  title={A Beginner's Guide to Water Management: Lake Morphometry},
  author={Florida LAKEWATCH,FL},
  year={2001},
  publisher={University of Florida Cooperative Extension Service, Institute of Food and Agricultural Sciences, EDIS}
}
@article{liaw2002classification,
  title={Classification and regression by randomforest. R News 2 (3): 18--22},
  author={Liaw, Andy and Wiener, Matthew},
  journal={URL: http://CRAN. R-project. org/doc/Rnews},
  year={2002}
}
@article{naumann1919naagra,
  title={N{\aa}gra synpunkter ang{\aa}ende limnoplanktons {\"o}kologi med s{\"a}rskild h{\"a}nsyn till fytoplankton},
  author={Naumann, Einar},
  journal={Svensk Botanisk Tidskrift},
  volume={13},
  pages={129--163},
  year={1919}
}

@techreport{EPA1974,
    author    = {USEPA},
    title     = {An approach to a relative trophic index system for classifying lakes and reservoirs},
    institution = {U.S. Environmental Protection Agency (USEPA)},
    number   = {24},
    address  = {U.S. Environmental Protection Agency, Office of Water and Office of Research and Development, Corvallis, OR},
      pages={45--},
    year      = {1974},
}
@techreport{EPA1994,
    author    = {USEPA},
    title     = {Water Quality Standards Handbook},
    institution = {U.S. Environmental Protection Agency (USEPA)},
    number   = {EPA-823-B-94-005a},
    address  = {U.S. Environmental Protection Agency, Office of Water and Office of Research and Development, Washington, D.C.},
    year      = {1994},
}

@article{keeler2015recreational,
  title={Recreational demand for clean water: evidence from geotagged photographs by visitors to lakes},
  author={Keeler, Bonnie L and Wood, Spencer A and Polasky, Stephen and Kling, Catherine and Filstrup, Christopher T and Downing, John A},
  journal={Frontiers in Ecology and the Environment},
  volume={13},
  number={2},
  pages={76--81},
  year={2015},
  publisher={Wiley Online Library}
}

@article{leggett2000evidence,
  title={Evidence of the effects of water quality on residential land prices},
  author={Leggett, Christopher G and Bockstael, Nancy E},
  journal={Journal of Environmental Economics and Management},
  volume={39},
  number={2},
  pages={121--144},
  year={2000},
  publisher={Elsevier}
}

@book{maloney1979lake,
  title={Lake and reservoir classification systems},
  author={Maloney, Thomas E},
  year={1979},
  publisher  = {Environmental Research Laboratory, Office of Research and Development, US Environmental Protection Agency, Corvallis, OR},
}

@techreport{NLA2009,
    author    = {USEPA},
    title     = {National Lakes Assessment: A Collaborative
Survey of the Nation’s Lakes},
    institution = {U.S. Environmental Protection Agency (USEPA)},
    number   = {EPA 841-R-09-001},
    address  = {U.S. Environmental Protection Agency, Office of Water and Office of Research and Development, Washington, D.C.},
    year      = {2009},
}
@techreport{NLA2012,
    author    = {USEPA},
    title     = {National Lakes Assessment: A Collaborative
Survey of the Nation’s Lakes},
    institution = {U.S. Environmental Protection Agency (USEPA)},
    number   = {EPA 841-R-16-113},
    address  = {U.S. Environmental Protection Agency, Office of Water and Office of Research and Development, Washington, D.C.},
    year      = {2016},
}
@article{Nojavan2017,
  author = {Nojavan A., Farnaz and Kreakie, Betty J. and Hollister, Jeffrey W. and Qian, Song S.},
  title = {Rethinking the Lake Trophic State Index},
  year = {2017},
  publisher = {GitHub},
  journal = {GitHub Repository},
  howpublished = {\url{https://github.com/usepa/rethinking_tsi}},
    note={\mbox{doi}:\url{10.5281/zenodo.556175}}
}


@article{odum1969strategy,
  title={The strategy of ecosystem development},
  author={Odum, Eugene P},
  journal={Sustainability: Sustainability},
  volume={164},
  pages={58},
  year={1969}
}

@article{omernik1987ecoregions,
  title={Ecoregions of the conterminous United States},
  author={Omernik, James M},
  journal={Annals of the Association of American geographers},
  volume={77},
  number={1},
  pages={118--125},
  year={1987},
  publisher={Taylor \& Francis}
}
@BOOK{ott1995environmental,
  title = {Environmental Statistics and Data Analysis},
  publisher = {Lewis Publishers, Boca Raton},
  year = {1995},
  author = {Ott, W.R.}
}
 
@Manual{R2016,
  title        = {R: A Language and Environment for Statistical
                  Computing},
  author       = {{R Core Team}},
  organization = {R Foundation for Statistical Computing},
  address      = {Vienna, Austria},
  year         = 2016,
  url          = {https://www.R-project.org}
}
@article{Przytulska2017FWB,
  title={Increased risk of cyanobacterial blooms in northern high-latitude lakes through climate warming and phosphorus enrichment},
  author={Przytulska, Anna and Bartosiewicz, Maciej and Vincent, Warwick F.},
  issn = {1365-2427},
  journal={Freshwater Biology},
  url = {http://dx.doi.org/10.1111/fwb.13043},
  doi = {10.1111/fwb.13043},
  year={2017},
  pages={NA-NA},
  keywords = {climate change, cyanobacteria, eutrophication, lakes, phytoplankton}
}

@article{rabalais2002beyond,
  title={Beyond Science into Policy: Gulf of Mexico Hypoxia and the Mississippi River},
  author={Rabalais, Nancy N and Turner, R Eugene and Scavia, Donald},
  journal={BioScience},
  volume={52},
  number={2},
  pages={129--142},
  year={2002},
  publisher={Oxford University Press}
}
@book{qian2010environmental,
  title = {Environmental and Ecological Statistics with {R}},
  publisher = {Chapman and Hall/CRC Press},
  year = {2010},
  author = {Qian, S.S.}
}

@article{stow2003comparison,
  title={Comparison of Estuarine Water Quality Models for Total Maximum Daily Load Development in Neuse River Estuary},
  author={Stow, Craig A and Roessler, Chris and Borsuk, Mark E and Bowen, James D and Reckhow, Kenneth H},
  journal={Journal of Water Resources Planning and Management},
  volume={129},
  number={4},
  pages={307--314},
  year={2003},
  publisher={American Society of Civil Engineers}
} 


@article{vollenweider1968scientific,
  title={The scientific basis of lake and stream eutrophication, with particular reference to phosphorus and nitrogen as eutrophication factors},
  author={Vollenweider, Richard A},
  journal={Organisation for Economic Cooperation and Development, Paris},
  volume={159},
  year={1968}
}

@techreport{WSA2006,
    author    = {USEPA},
    title     = {Wadeable Streams Assessment: A Collaborative Survey of the Nation’s Streams},
    institution = {U.S. Environmental Protection Agency (USEPA)},
    number   = {EPA 841-b-06-002},
    address  = {U.S. Environmental Protection Agency, Office of Water, Office of Research and Development, Washington, D.C.},
    year      = {2006},
}

@book{weisberg2005applied,
  title = {Applied Linear Regression},
  publisher = {Wiley},
  year = {2005},
  author = {Weisberg, S.},
}
@article{xian2009updating,
  title={Updating the 2001 National Land Cover Database land cover classification to 2006 by using Landsat imagery change detection methods},
  author={Xian, George and Homer, Collin and Fry, Joyce},
  journal={Remote Sensing of Environment},
  volume={113},
  number={6},
  pages={1133--1147},
  year={2009},
  publisher={Elsevier}
}

@article{nojavantsi,
  title={Rethinking the lake trophic state index},
  author={Nojavan A., Farnaz and Kreakie, Betty J. and Hollister, Jeffrey W., and Qian, Song},
  journal={PeerJ},
  volume={},
  number={},
  pages={},
  year="\noop{3001}in review",

}